@techreport{raphael1972robot,
  title={Robot Research at Stanford Research Institute},
  author={Raphael, Bertram},
  year={1972},
  institution={STANFORD RESEARCH INST CA}
}

@article{nilsson1984shakey,
  title={Shakey the robot},
  author={Nilsson, Nils J and others},
  year={1984},
  publisher={Sri International Menlo Park, California}
}

@inproceedings{roumeliotis1998sensor,
  title={Sensor fault detection and identification in a mobile robot},
  author={Roumeliotis, Stergios I and Sukhatme, Gaurav S and Bekey, George A},
  booktitle={Proceedings. 1998 IEEE/RSJ International Conference on Intelligent Robots and Systems. Innovations in Theory, Practice and Applications (Cat. No. 98CH36190)},
  volume={3},
  pages={1383--1388},
  year={1998},
  organization={IEEE}
}

@article{jones2006robots,
  title={Robots at the tipping point: the road to iRobot Roomba},
  author={Jones, Joseph L},
  journal={IEEE Robotics \& Automation Magazine},
  volume={13},
  number={1},
  pages={76--78},
  year={2006},
  publisher={IEEE}
}

@inproceedings{quigley2009ros,
  title={ROS: an open-source Robot Operating System},
  author={Quigley, Morgan and Conley, Ken and Gerkey, Brian and Faust, Josh and Foote, Tully and Leibs, Jeremy and Wheeler, Rob and Ng, Andrew},
  booktitle={ICRA Workshop on Open Source Software},
  year={2009}
}

@article{weidinger2018storage,
  title={Storage assignment with rack-moving mobile robots in KIVA warehouses},
  author={Weidinger, Felix and Boysen, Nils and Briskorn, Dirk},
  journal={Transportation Science},
  volume={52},
  number={6},
  pages={1479--1495},
  year={2018},
  publisher={INFORMS}
}

@article{hurst2020social,
  title={Social and emotional skills training with embodied moxie},
  author={Hurst, Nikki and Clabaugh, Caitlyn and Baynes, Rachel and Cohn, Jeff and Mitroff, Donna and Scherer, Stefan},
  journal={arXiv preprint arXiv:2004.12962},
  year={2020}
}

@article{moravec1983stanford,
  title={The Stanford cart and the CMU rover},
  author={Moravec, Hans P},
  journal={Proceedings of the IEEE},
  volume={71},
  number={7},
  pages={872--884},
  year={1983},
  publisher={IEEE}
}

@inproceedings{nuchter20046d,
  title={6D SLAM with an application in autonomous mine mapping},
  author={Nuchter, Andress and Surmann, Hartmut and Lingemann, Kai and Hertzberg, Joachim and Thrun, Sebastian},
  booktitle={IEEE International Conference on Robotics and Automation, 2004. Proceedings. ICRA'04. 2004},
  volume={2},
  pages={1998--2003},
  year={2004},
  organization={IEEE}
}
@inproceedings{cao2022autonomous,
  title={Autonomous exploration development environment and the planning algorithms},
  author={Cao, Chao and Zhu, Hongbiao and Yang, Fan and Xia, Yukun and Choset, Howie and Oh, Jean and Zhang, Ji},
  booktitle={2022 International Conference on Robotics and Automation (ICRA)},
  pages={8921--8928},
  year={2022},
  organization={IEEE}
}
@inproceedings{zhu2021dsvp,
  title={DSVP: Dual-stage viewpoint planner for rapid exploration by dynamic expansion},
  author={Zhu, Hongbiao and Cao, Chao and Xia, Yukun and Scherer, Sebastian and Zhang, Ji and Wang, Weidong},
  booktitle={2021 IEEE/RSJ International Conference on Intelligent Robots and Systems (IROS)},
  pages={7623--7630},
  year={2021},
  organization={IEEE}
}
@inproceedings{cao2021tare,
  title={TARE: A Hierarchical Framework for Efficiently Exploring Complex 3D Environments.},
  author={Cao, Chao and Zhu, Hongbiao and Choset, Howie and Zhang, Ji},
  booktitle={Robotics: Science and Systems},
  volume={5},
  year={2021}
}
@inproceedings{zimmermann2021go,
  title={Go fetch!-dynamic grasps using boston dynamics spot with external robotic arm},
  author={Zimmermann, Simon and Poranne, Roi and Coros, Stelian},
  booktitle={2021 IEEE International Conference on Robotics and Automation (ICRA)},
  pages={4488--4494},
  year={2021},
  organization={IEEE}
}
@inproceedings{hutter2016anymal,
  title={Anymal-a highly mobile and dynamic quadrupedal robot},
  author={Hutter, Marco and Gehring, Christian and Jud, Dominic and Lauber, Andreas and Bellicoso, C Dario and Tsounis, Vassilios and Hwangbo, Jemin and Bodie, Karen and Fankhauser, Peter and Bloesch, Michael and others},
  booktitle={2016 IEEE/RSJ international conference on intelligent robots and systems (IROS)},
  pages={38--44},
  year={2016},
  organization={IEEE}
}
@article{zhang2022hybrid,
  title={Hybrid evolutionary optimization for takeaway order selection and delivery path planning utilizing habit data},
  author={Zhang, Min-Xia and Wu, Jia-Yu and Wu, Xue and Zheng, Yu-Jun},
  journal={Complex \& Intelligent Systems},
  volume={8},
  number={6},
  pages={4425--4440},
  year={2022},
  publisher={Springer}
}
@article{van2008reciprocal,
  title={Reciprocal velocity obstacles for real-time multi-agent navigation},
  author={van den Berg, Jur and Lin, Ming C and Manocha, Dinesh},
  journal={Computer Animation and Virtual Worlds},
  volume={19},
  number={3-4},
  pages={ 207--221},
  year={2008},
  publisher={Wiley Online Library}
}
@inproceedings{van2011reciprocal,
  title={Reciprocal n-body collision avoidance},
  author={Van Den Berg, Jur and Guy, Stephen J and Lin, Ming and Manocha, Dinesh},
  booktitle={Robotics Research: The 14th International Symposium ISRR},
  pages={3--19},
  year={2011},
  organization={Springer}
}
@inproceedings{guy2009clearpath,
  title={Clearpath: highly parallel collision avoidance for multi-agent simulation},
  author={Guy, Stephen J and Chhugani, Jatin and Kim, Changkyu and Satish, Nadathur and Lin, Ming and Manocha, Dinesh and Dubey, Pradeep},
  booktitle={Proceedings of the 2009 ACM SIGGRAPH/Eurographics Symposium on Computer Animation},
  pages={177--187},
  year={2009}
}
@inproceedings{hennes2012multi,
  title={Multi-robot collision avoidance with localization uncertainty},
  author={Hennes, Daniel and Claes, Daniel and Meeussen, Wim and Tuyls, Karl},
  booktitle={Proceedings of the 11th International Conference on Autonomous Agents and Multiagent Systems-Volume 1},
  pages={147--154},
  year={2012}
}
@inproceedings{snape2010smooth,
  title={Smooth and collision-free navigation for multiple robots under differential-drive constraints},
  author={Snape, Jamie and Van Den Berg, Jur and Guy, Stephen J and Manocha, Dinesh},
  booktitle={2010 IEEE/RSJ international conference on intelligent robots and systems},
  pages={4584--4589},
  year={2010},
  organization={IEEE}
}

@inproceedings{alonso2012reciprocal,
  title={Reciprocal collision avoidance for multiple car-like robots},
  author={Alonso-Mora, Javier and Breitenmoser, Andreas and Beardsley, Paul and Siegwart, Roland},
  booktitle={2012 IEEE International Conference on Robotics and Automation},
  pages={360--366},
  year={2012},
  organization={IEEE}
}
@inproceedings{snape2014smooth,
  title={Smooth coordination and navigation for multiple differential-drive robots},
  author={Snape, Jamie and Guy, Stephen J and Van Den Berg, Jur and Manocha, Dinesh},
  booktitle={Experimental Robotics: The 12th International Symposium on Experimental Robotics},
  pages={601--613},
  year={2014},
  organization={Springer}
}

//阿克曼模型等效的参考文献。
@article{kluge2005coordinating,
  title={Coordinating the motion of a human and a robot in a crowded, natural environment},
  author={Kluge, Boris and Bank, Dirk and Prassler, Erwin and Strobel, Matthias},
  journal={Advances in Human-Robot Interaction},
  volume={14},
  pages={231--234},
  year={2005},
  publisher={Springer Berlin Heidelberg}
}



@inproceedings{shan2018lego,
  title={Lego-loam: Lightweight and ground-optimized lidar odometry and mapping on variable terrain},
  author={Shan, Tixiao and Englot, Brendan},
  booktitle={2018 IEEE/RSJ International Conference on Intelligent Robots and Systems (IROS)},
  pages={4758--4765},
  year={2018},
  organization={IEEE}
}
@inproceedings{zhang2014loam,
  title={LOAM: Lidar odometry and mapping in real-time.},
  author={Zhang, Ji and Singh, Sanjiv},
  booktitle={Robotics: Science and Systems},
  volume={2},
  number={9},
  pages={1--9},
  year={2014},
  organization={Berkeley, CA}
}

@inproceedings{wan2018robust,
  title={Robust and precise vehicle localization based on multi-sensor fusion in diverse city scenes},
  author={Wan, Guowei and Yang, Xiaolong and Cai, Renlan and Li, Hao and Zhou, Yao and Wang, Hao and Song, Shiyu},
  booktitle={2018 IEEE international conference on robotics and automation (ICRA)},
  pages={4670--4677},
  year={2018},
  organization={IEEE}
}

@article{durrant2006simultaneous,
  title={Simultaneous localization and mapping: part I},
  author={Durrant-Whyte, Hugh and Bailey, Timothy},
  journal={IEEE Robotics \& Automation Magazine},
  volume={13},
  number={2},
  pages={99--110},
  year={2006},
  publisher={IEEE}
}

@article{hart1968formal,
  title={A formal basis for the heuristic determination of minimum cost paths},
  author={Hart, Peter E and Nilsson, Nils J and Raphael, Bertram},
  journal={IEEE transactions on Systems Science and Cybernetics},
  volume={4},
  number={2},
  pages={100--107},
  year={1968},
  publisher={IEEE}
}

@inproceedings{likhachev2008planning,
  title={Planning long dynamically feasible maneuvers for autonomous vehicles},
  author={Likhachev, Maxim and Ferguson, Dave and Gordon, Geoff},
  booktitle={2008 IEEE International Conference on Robotics and Automation},
  pages={528--533},
  year={2008},
  organization={IEEE}
}

@inproceedings{lavalle1998rapidly,
title={Rapidly-exploring random trees: A new tool for path planning},
author={LaValle, Steven M},
booktitle={Robotics and automation, 2000. proceedings. ICRA'00. IEEE international conference on},
volume={2},
pages={2666--2671},
year={1998},
organization={IEEE}
}

@inproceedings{karaman2011sampling,
title={Sampling-based algorithms for optimal motion planning},
author={Karaman, Sertac and Frazzoli, Emilio},
booktitle={2011 IEEE International Conference on Robotics and Automation},
pages={961--966},
year={2011},
organization={IEEE}
}

@article{mur2017orb,
  title={ORB-SLAM2: an open-source SLAM system for monocular, stereo, and RGB-D cameras},
  author={Mur-Artal, Raul and Montiel, JMM and Tard{\'o}s, JD},
  journal={IEEE Transactions on Robotics},
  volume={33},
  number={5},
  pages={1255--1262},
  year={2017},
  publisher={IEEE}
}

@article{qin2018vins,
  title={Vins-mono: A robust and versatile monocular visual-inertial state estimator},
  author={Qin, Tong and Li, Peiliang and Shen, Shaojie},
  journal={IEEE Transactions on Robotics},
  volume={34},
  number={4},
  pages={1004--1020},
  year={2018},
  publisher={IEEE}
}

@article{wisth2021unified,
  title={Unified multi-modal landmark tracking for tightly coupled lidar-visual-inertial odometry},
  author={Wisth, David and Camurri, Marco and Das, Sandipan and Fallon, Maurice},
  journal={IEEE Robotics and Automation Letters},
  volume={6},
  number={2},
  pages={1004--1011},
  year={2021},
  publisher={IEEE}
}